4617 5567
636 628 683 701 92
848 591 871 705 J
1031 606 1599 684 Vrnurcrrscanrrcn.

635 810 843 899 adstruere
894 808 1108 923 satagunt,
1151 826 1277 927 atque
1324 810 1427 899 adeo
1480 812 1684 925 Phrygias
1724 814 1776 902 de
1819 816 2006 920 Trojano

637 928 798 1031 origine
844 928 1013 1029 rejicere
1054 921 1243 1033 fabulas,
1288 950 1378 1035 quac
1414 924 1706 1011 Trnoneirsem
1749 924 2004 1031 antistitem,

633 1031 759 1120 seculi
803 1030 908 1121 sexti
958 1032 1196 1147 scriptorem
1234 1030 1539 1141 domesticum,
1580 1036 1751 1123 habent.
1778 1037 2004 1123 austorem.

635 1141 793 1253 Quodsi
820 1160 960 1235 autem
1001 1146 1270 1237 Germanicas
1313 1145 1564 1233 Francorum
1600 1152 1785 1259 origines
1818 1150 2005 1239 Francici

635 1254 866 1367 agnoscunt
900 1258 1109 1365 austures,
1149 1286 1222 1345 cur
1260 1252 1550 1369 antiquilsrmis
1589 1259 1833 1364 Germanis,
1882 1261 2008 1349 Fran-

636 1394 782 1454 corum
824 1370 1094 1481 parentibus,
1138 1367 1349 1461 Gallicum
1383 1393 1540 1455 nomen
1577 1370 1759 1457 tribuere
1795 1364 2008 1457 er‘ubesce·

636 1480 757 1565 rent?
809 1480 1039 1587 Boornr,
1079 1484 1154 1675 {il
1182 1479 1253 1566 vel
1281 1476 1442 1593 aliquot
1469 1484 1559 1587 eius
1591 1478 1828 1591 sequacium
1860 1478 1888 1566 sr
1917 1482 2007 1591 hacc

635 1586 841 1675 sententia
859 1591 961 1695 suit,
979 1588 1076 1676 sciro
1095 1618 1119 1677 a
1144 1587 1243 1679 sane
1264 1597 1354 1699 eius
1374 1588 1581 1703 discipulis
1602 1593 1754 1695 caruit,
1785 1591 2008 1703 postquam

636 1702 781 1787 critico
809 1700 965 1807 jndicio
998 1704 1059 1787 uti
1087 1716 1305 1815 coeperunt
1327 1696 1549 1811 Historici,
1586 1704 1633 1789 in
1663 1697 1881 1795 clariorem
1910 1702 2009 1793 Illo·

638 1824 945 1901 numentorum
961 1809 1318 1903 lucemtranslati.

1174 2022 1217 2131 s.
1274 2024 1478 2117 XLVIII.

421 2231 625 2305 cettaeonlt
722 2209 1049 2327 Dilquirendum
1085 2214 1172 2320 J‘am
1208 2210 1355 2323 restat,
1395 2216 1468 2331 qui
1496 2211 1676 2323 fastum,
1705 2224 1755 2303 ut
1791 2217 1901 2302 inter
1930 2237 2009 2305 eos
2160 2235 2161 2312 ζ

421 2322 574 2411 triplices.
609 2332 614 2356 ¹
639 2326 767 2411 etiam
788 2322 1023 2437 scripturae,
1054 2326 1126 2440 qui
1143 2352 1301 2439 nomen
1320 2327 1533 2417 Celtarum
1547 2326 1644 2414 solis
1667 2324 1817 2432 Gallis,
1849 2330 2026 2413 vere&-

636 2438 803 2549 proprie
824 2432 877 2522 src
901 2436 1041 2539 disin,
1073 2463 1230 2523 nomen
1262 2464 1316 2525 ue
1340 2438 1604 2526 Celticassoli
1624 2436 1770 2529 Galliac
1795 2440 2004 2544 tribuunt,

635 2544 705 2633 alii
726 2562 868 2635 tamen
887 2544 990 2633 illud
1013 2546 1224 2661 speciatim
1234 2468 1293 2636 (se
1309 2554 1431 2637 tertia
1444 2547 1739 2662 Galliaeparte,
1756 2552 1865 2636 inter
1879 2552 2007 2663 Aqui·
2160 2619 2161 2622 a

634 2662 792 2745 taniam
822 2662 862 2747 δι
892 2656 1087 2767 Belgium
1122 2661 1284 2765 media,
1316 2666 1569 2747 enuntient:
1603 2660 1674 2749 alii
1699 2674 1847 2772 praeter
1869 2674 2008 2747 tutam
2160 2673 2161 2728 ἓ

589 2816 593 2831 ·
639 2766 821 2859 Galliam
845 2768 1169 2879 transalpinam,
1198 2769 1304 2853 illud
1325 2773 1376 2855 ad
1398 2770 1652 2881 Cisalpinam
1671 2796 1865 2885 quoque,
1895 2769 2008 2856 som-

544 2888 548 2905 '
634 2883 689 2966 tis
706 2904 824 2963 more
848 2878 1040 2965 Romano
1060 2878 1291 2983 uocabulis,
1318 2882 1565 2968 extendant.
1625 2881 1690 2967 De
1716 2888 1855 2995 priore
1871 2884 2009 2968 nomi-

634 2990 701 3075 nis
731 2984 880 3076 Celtici
906 2984 1000 3093 usu,
1043 2992 1115 3101 qui
1141 2990 1302 3077 Latinis
1334 2988 1551 3078 Historicis
1582 2988 1670 3079 sere
1699 2996 1892 3104 proprius
1918 2990 2007 3099 est,

632 3102 717 3205 jam
746 3096 884 3227 aliqua
909 3097 961 3184 ad
996 3098 1036 3208 ς.
1075 3099 1174 3187 XV.
1204 3100 1422 3207 diximus'3
1454 3100 1619 3188 causam
1647 3106 1848 3189 nimirum
1875 3102 2007 3208 hujus

634 3206 925 3320 appellationis
945 3200 1086 3310 fuisse,
1113 3210 1226 3321 quod
1246 3210 1398 3316 Celtae,
1418 3210 1629 3325 speciatim
1650 3216 1708 3298 ita
1726 3214 1849 3317 dini,
1882 3232 2004 3299 vete-

634 3344 726 3403 rem
752 3314 965 3405 Celtarum
989 3314 1178 3421 linguam
1198 3348 1438 3427 nomenque
1462 3324 1597 3401 adhuc
1618 3321 1702 3398 illis
1721 3322 1806 3399 tem
1839 3321 2001 3420 oribus,

635 3430 788 3541 quibus
824 3426 960 3513 ertini
986 3430 1016 3509 ii
1037 3422 1304 3533 scripserunt,
1335 3427 1585 3527 habuerint,
1614 3419 1768 3533 suaque
1796 3346 1837 3507 ss
1862 3420 2000 3509 adhuc
2160 3495 2161 3514 ,

635 3536 781 3647 lingua
810 3536 949 3624 Celtas
983 3532 1314 3647 appellaverint,
1351 3560 1449 3620 cum
1485 3542 1623 3619 caeteri
1656 3528 1809 3637 Celtas,
1840 3544 2005 3620 mutata

637 3649 775 3735 veteri
803 3644 971 3757 lingua,
1007 3660 1130 3731 vetus
1163 3653 1332 3770 quoque
1365 3647 1523 3731 nomen
1555 3638 1784 3751 neglexisse
1811 3643 2009 3730 viderena
2160 3755 2161 3758 Ν

633 3770 716 3848 tur.
752 3756 966 3871 ,Tempus
989 3754 1143 3843 scilicet
1164 3758 1264 3865 luit,
1297 3783 1382 3872 quo
1407 3752 1543 3847 Gallia
1561 3757 1700 3857 omnis
1708 3814 1721 3863 ,
1747 3781 1771 3840 a
1793 3750 1889 3841 solis
1909 3753 2007 3843 Cel-

1947 3869 2009 3955 tis

680 4159 720 4241 (i
769 4155 921 4229 Method.
941 4156 1111 4231 Historias.
1126 4170 1238 4252 p.363.
1264 4160 1488 4232 annttslus
1502 4156 1539 4227 in
1554 4153 1678 4229 Histor.
1694 4155 1903 4229 coloniarum
1920 4158 2000 4230 Gal·
2048 4185 2050 4196 ·

724 4170 815 4323 sicut.
842 4248 913 4319 Lib.
931 4248 975 4321 V.
998 4272 1066 4337 cap.
1096 4276 1121 4333 r,
1141 4274 1171 4337 p.
1187 4261 1263 4335 242.
1279 4250 1353 4319 vult
1369 4250 1508 4326 Gallos,
1533 4248 1590 4332 qui
1606 4245 1752 4316 insedere
1774 4248 1998 4331 Pannoniam,

727 4360 769 4409 err
793 4338 969 4411 Pannonia
991 4343 1129 4412 tandem
1155 4338 1198 4408 ad
1224 4339 1310 4425 ripas
1331 4336 1444 4410 Rheni
1465 4333 1634 4425 migrasse,
1660 4333 1884 4426 Thuringiam
1908 4339 2002 4410 inco·

727 4424 837 4509 luisse,
885 4452 938 4499 uae
965 4431 1075 4516 polteo
1099 4428 1238 4501 Francia
1261 4426 1506 4501 nansrhenana
1520 4428 1698 4514 appellata3
1722 4429 1814 4499 unde
1838 4426 1899 4498 sub
1921 4430 2001 4500 Clo·

716 4512 828 4587 'dione
897 4544 1094 4594 enumcum
1108 4515 1314 4603 munitm,
1336 4518 1486 4593 Francici
1506 4518 1602 4609 regni
1611 4514 1681 4591 srnt
1693 4534 1774 4591 nata
1783 4518 1973 4609 primordia.

846 4669 852 4678 l

925 4700 935 4736 l
