4617 5567
604 559 652 634 ²8
1025 539 1301 616 Vrnbrcrn
1337 505 1594 619 Carrion.

610 749 875 836 mentionem
897 733 1074 848 lecisset,
1099 738 1151 829 de
1166 743 1321 830 ceteris
1338 743 1426 829 baec
1442 743 1577 832 addit:
1593 743 1667 860 nist
1679 773 1836 859 quonam
1858 747 1980 830 nomia·
2116 734 2118 818 Γ

608 889 662 946 an
683 863 765 942 via·
789 851 837 966 est
862 857 980 966 eloqui
1000 881 1062 938 ore
1088 853 1261 940 llorrrcno.
1321 851 1467 946 Gallos
1496 881 1597 944 vero
1627 852 1758 945 Caesar
1789 849 1979 968 appellat

612 963 684 1056 vel
708 967 939 1078 generatim
959 957 1143 1076 populos
1166 965 1348 1070 Rheno,
1376 963 1604 1056 Oceano&
1632 967 1838 1078 Pyrenaeis
1857 963 1981 1050 mob-

614 1081 732 1168 tibus
756 1072 1112 1188 circumscriptos,
1136 1071 1207 1164 vel
1226 1073 1438 1188 lpcciatiin
1460 1079 1625 1164 tertiam
1646 1075 1867 1168 Gallorum
1888 1071 1984 1160 illo·

507 1337 512 1343 -
612 1199 939 1390 aaran,
980 1183 1416 1413 atrimae
1456 1185 1988 1414 aaraidaata

952 1359 966 1400 9

612 1441 638 1502 a
670 1409 841 1525 reliquis
870 1405 1005 1500 Gallis
1029 1405 1148 1498 divisa
1177 1421 1320 1498 erant:
1351 1357 1415 1498 uti
1444 1411 1531 1498 haec
1568 1437 1624 1500 ex
1660 1409 1758 1500 loco
1797 1407 1987 1510 Casaris,

642 1551 741 1612 uem
766 1519 1071 1634 produximus,
1100 1529 1260 1636 patent.
1291 1519 1462 1630 Ergo&
1486 1517 1638 1624 Celtae,
1668 1523 1742 1632 qai
1770 1518 1916 1606 Caesaci
1936 1522 1991 1602 ii-

421 1655 442 1668 ·
612 1553 712 1722 lem
738 1659 835 1718 cum
851 1629 983 1722 Gallis
1001 1625 1118 1736 sunt,
1148 1611 1218 1718 vel
1241 1630 1323 1716 lata
1344 1627 1413 1716 vel
1432 1627 1568 1718 strista
1591 1623 1893 1736 significatione
1916 1622 1994 1712 su-

615 1745 853 1832 mebantur.
877 1741 983 1828 [ata
1007 1739 1422 1854 comprehendebant
1449 1765 1599 1828 omnes
1622 1737 1767 1830 Galliac
1815 1735 1990 1854 opulas:

617 1852 757 1944 stricta
777 1849 871 1938 illos
899 1862 1087 1956 tantum,
1117 1855 1191 1964 qui
1218 1851 1444 1960 Matrona,
1479 1851 1672 1964 Sequana
1701 1855 1741 1938 ἃ
1772 1767 1991 1944 garumna

617 1963 943 2053 claudebantur:
977 1961 1130 2086 quibua
1167 1987 1219 2046 eo
1255 1988 1321 2048 ma
1355 1965 1388 2044 is
1430 1985 1588 2048 nomen
1626 1957 1841 2052 Celtarum
1876 1989 1989 2050 corn-

617 2075 813 2188 petebat,
846 2068 963 2184 quod
990 2065 1065 2180 rpsr
1089 2080 1279 2158 veterem
1318 1987 1533 2160 laicarum
1563 2069 1784 2182 linguam,
1815 2101 1992 2162 nomen·

617 2209 703 2300 que
727 2185 1013 2286 retinuerunt,
1044 2175 1198 2294 suaque
1222 2179 1325 2268 adeo
1353 2178 1498 2292 lingua
1520 2179 1560 2270 se
1585 2185 1721 2270 adbuc
1745 2183 1888 2275 Celtas
1916 2212 1995 2272 vo-

618 2304 791 2386 carunt:
817 2317 915 2380 cum
946 2293 1083 2378 caeteri
1109 2290 1260 2400 Celtae,
1291 2303 1451 2382 mutata
1482 2298 1617 2382 veteri
1654 2293 1824 2408 lingua,
1862 2311 1990 2386 vetus

617 2429 789 2522 quoque
817 2427 976 2493 nomen
999 2397 1226 2516 deposuisse
1247 2405 1502 2494 viderentur.
1518 2495 1521 2506 ,
1539 2405 1660 2496 Idem
1689 2407 1876 2498 Casan
1905 2409 1995 2498 Dr·
2145 2478 2146 2518 Γ

621 2542 835 2606 cana-on
864 2513 963 2602 alibi
986 2515 1078 2622 (b)
1102 2511 1285 2606 Galliam
1313 2513 1553 2631 simpliciter
1575 2545 1650 2634 pro
1670 2513 1828 2610 Celtica
1854 2521 1992 2636 ponit.

621 2629 722 2722 Post
753 2629 799 2716 C.
820 2624 1023 2720 Caesarem
1050 2653 1138 2713 non
1167 2623 1414 2716 multisunt
1443 2653 1498 2716 ex
1529 2629 1716 2740 Latinis,
1749 2631 1858 2746 apud
1884 2657 1995 2748 quos

624 2767 718 2830 vox
740 2739 850 2828 Celtae
871 2738 1062 2822 occurrit.
1147 2737 1299 2828 Rarior
1314 2741 1434 2828 vocis
1449 2742 1493 2828 in
1519 2741 1674 2830 horum
1693 2739 1833 2851 libris,
1863 2771 1996 2860 quarn

624 2856 671 2938 in
701 2849 856 2940 Graecis
895 2843 1160 2960 scriptoribus
1197 2853 1380 2958 mentio,
1422 2853 1537 2966 quod
1574 2851 1705 2944 Celtae
1737 2851 1881 2967 lingua
1918 2857 2000 2948 La·

625 2965 715 3050 tina
749 2961 853 3046 Galli
886 2959 1177 3066 vocabantur,
1216 2963 1279 3046 uti
1324 2963 1452 3048 modo
1470 2965 1544 3048 'ex
1588 2964 1745 3050 Caesare
1794 2967 1997 3056 vidimus.

623 3071 767 3163 Latini
810 3097 913 3184 ergo
949 3065 1193 3182 scriptume,
1235 3095 1334 3158 cum
1360 3069 1417 3158 de
1462 3071 1541 3160 hac
1583 3089 1711 3268 gente
1756 3073 1999 3166 sermonem

623 3180 841 3286 iacerent,
867 3208 962 3268 eam
982 3179 1063 3265 sua
1084 3187 1226 3294 potius
1249 3179 1404 3293 linguae
1428 3185 1590 3269 vocabu
1609 3213 1665 3284 o,
1705 3217 1830 3291 quam
1855 3188 1998 3274 alieno

627 3291 842 3402 designare
868 3289 1109 3376 voluerunt
1166 3293 1321 3392 Greci,
1344 3291 1497 3399 quibus
1520 3289 1566 3371 in
1592 3290 1724 3399 patria
1754 3287 1812 3373 lin
1845 3313 1897 3372 ua
1921 3311 1998 3402 pe.

630 3402 795 3490 culiaris
823 3426 912 3486 vox
938 3427 1026 3486 non
1055 3407 1163 3506 erat,
1194 3421 1285 3512 quae
1316 3393 1458 3488 Celtas
1481 3396 1724 3512 denotaret,
1753 3401 1797 3484 in
1829 3401 2001 3508 igenarn

629 3517 722 3602 eius
751 3515 889 3623 gentis
917 3509 1243 3625 appellationem
1266 3512 1562 3611 retinuerunt,
1589 3533 1768 3622 eamque
1788 3513 1834 3593 in
1856 3514 2004 3598 termi-

627 3627 846 3714 nationem
859 3637 1026 3710 tantum
1041 3621 1195 3732 lingua
1217 3617 1297 3706 sua
1319 3616 1493 3732 paulum
1510 3613 1735 3706 flexerunt.
1793 3617 1934 3708 Latini
1950 3626 2002 3716 in

627 3734 954 3824 denominandis
963 3729 1095 3822 Gallis
1110 3757 1216 3818 voce
1226 3727 1446 3818 Celtarum
1458 3743 1550 3815 tum
1569 3727 1791 3844 praesertim
1804 3744 2000 3846 utuntur,

663 3871 765 3934 uum
795 3841 997 3933 Casarenr
1026 3840 1156 3931 secuti
1184 3838 1355 3941 Gallos,
1385 3844 1619 3949 generatim
1647 3841 1706 3936 ita
1739 3855 1944 3953 vocatos,
1973 3875 2002 3936 a

633 3877 782 4062 lanis,
807 3952 1021 4070 speciatim
1042 3949 1099 4037 src
1122 3951 1255 4054 dictis,
1276 3945 1397 4034 distin
1431 3949 1731 4062 uerevolunt3
1760 3981 1868 4072 quos
1893 3957 2004 4048 indi-

633 4079 858 4179 genarum
883 4091 989 4151 voce
1023 4055 1121 4172 uel,
1149 4069 1200 4150 ut
1222 3973 1564 4172 ramaslaun,
1590 4061 1791 4176 indigena
1820 4065 2002 4164 dialetio

634 4181 759 4268 curas
776 4169 1000 4293 appellant.

1842 4285 2003 4382 Lana

678 4455 749 4558 lb)
777 4459 906 4540 Μ
920 4487 990 4558 caa·
1006 4483 1038 4558 ³·
