4617 5567
651 640 702 721 ῃ
1072 620 1345 701 Vinnrcrz
1380 620 1639 703 critica

655 824 871 937 judicium.
929 828 1045 937 Quin
1068 830 1109 918 dc
1130 828 1241 918 inter
1260 826 1340 917 hos
1357 826 1529 937 livitus,
1549 824 1785 942 Cisalpinus
1812 822 1899 941 ipse
1919 820 2021 917 Gal·

656 936 750 1046 lus,
780 934 885 1047 suit,
914 938 1074 1030 Patavii
1097 954 1251 1048 natus,
1284 940 1388 1027 adeo
1417 965 1473 1027 ue
1501 943 1666 1049 origine
1697 936 1829 1029 Celta.
1887 934 2021 1027 Caesar

657 1062 800 1139 autem
832 1054 1047 1139 novennio
1073 1046 1184 1141 bella
1215 1076 1314 1141 cum
1428 1048 1477 1139 lis
1506 1047 1659 1163 gessit,
1688 1048 1868 1143 Galliam
1891 1051 2022 1137 arinis

685 1166 892 1273 eragravit
911 1188 1106 1271 omnem,
1131 1166 1173 1253 ds
1186 1164 1234 1253 in
1255 1163 1526 1257 Germaniam
1547 1188 1633 1277 quo
1663 1188 1719 1251 ue
1742 1156 1930 1251 transiit:
1950 1164 2021 1249 cni

652 1188 844 1381 lumina,
865 1300 946 1391 qua
968 1272 1191 1387 flagrabat,
1214 1274 1439 1383 vincendi,
1466 1275 1613 1365 imo&
1668 1270 1843 1380 ’scendi,
1868 1268 2023 1387 cupide

655 1382 897 1501 inspiravit,
927 1400 975 1475 ut
987 1390 1049 1477 ‘in
1074 1382 1332 1499 singularum
1389 1388 1553 1475 entium
1576 1386 1778 1493 nomina,
1807 1382 2023 1491 indolem,

656 1494 1002 1606 consuetudines,
1033 1494 1245 1611 linguam,
1275 1500 1320 1586 in
1361 1510 1449 1587 itus
1474 1500 1515 1587 dc
1540 1499 1744 1587 terminos
1770 1500 2020 1609 regionum,

655 1610 702 1697 in
763 1606 986 1732 opulorum
1014 1604 1295 1699 diversitatem
1320 1606 1492 1697 solerter
1522 1612 1566 1695 in
1597 1610 1775 1713 uireret3
1804 1607 1872 1691 cui
1894 1620 2023 1719 turpe
2152 1639 2153 1642 ¹

654 1636 845 1835 proletto
866 1714 1032 1825 luisset,
1053 1720 1097 1805 in
1118 1720 1363 1809 nominibus
1378 1636 1598 1810 limitibus
1609 1743 1663 1806 ue
1683 1712 1937 1833 populorum
1961 1742 2025 1826 er-

654 1854 768 1937 rare,
790 1856 897 1945 quos
917 1834 962 1917 in
982 1828 1153 1945 publico
1176 1830 1291 1919 orbis
1307 1824 1528 1945 conspesiu
1544 1746 1785 1943 suliegerat3
1815 1831 1889 1945 qui
1918 1828 2025 1923 Ger·

654 1966 806 2031 manos
832 1944 1179 2031 acommunione
1203 1944 1389 2036 nominis
1425 1938 1640 2033 Celtarum
1664 1938 1916 2048 excludens,
1945 1966 2024 2029 uo

654 2046 738 2140 luit
759 2048 891 2145 Gallis
913 2050 1070 2165 aliquid
1099 2078 1185 2163 prae
1204 2054 1428 2141 Germanis
1447 2050 1653 2159 tribuere,
1682 2048 1754 2140 vel
1776 2076 1833 2141 ex
1854 2056 2025 2141 univera-

650 2160 693 2247 sa
714 2158 929 2249 Celtarum
950 2172 1108 2273 gente,
1138 2186 1231 2277 qua
1254 2162 1401 2251 orbem
1417 2156 1521 2251 olim
1543 2166 1715 2271 terruit,
1740 2162 1905 2255 devidla
1933 2192 2024 2255 ma,

652 2274 785 2381 J'oreni
807 2266 881 2359 fibi
901 2269 1078 2383 gloriam
1099 2266 1254 2362 famam
1285 2300 1340 2364 ue
1360 2300 1612 2389 comparare.
1648 2276 1885 2369 Germanos
1904 2279 2023 2365 enim

652 2408 742 2471 non
763 2386 905 2473 minus
923 2410 971 2473 ac
1001 2380 1147 2476 Gallos
1170 2301 1330 2498 proeliis
1353 2382 1613 2477 atrocissimis
1635 2390 1759 2495 vicit,
1789 2392 1831 2477 dc
1850 2384 2023 2483 suorum

508 2554 518 2573 „
650 2508 892 2611 temporum
912 2492 1057 2588 Gallos
1072 2524 1095 2583 a
1110 2508 1304 2585 veterum
1324 2494 1538 2589 Celtarum
1558 2500 1716 2589 virtute
1740 2496 2020 2613 degenerasse,

651 2604 955 2723 Germanisque
972 2602 1313 2739 inferioreselle,
1334 2606 1483 2700 diserte
1500 2607 1739 2726 perscribit:
1763 2612 1858 2726 (o)
1881 2610 2019 2705 “Fuit

650 2730 820 2915 „santea
849 2732 1040 2835 tempus,
1085 2722 1245 2833 inquit,
1276 2746 1411 2851 quum
1442 2722 1679 2815 Germanos
1715 2721 1827 2855 Galli
1861 2726 2022 2879 virtute

647 2892 679 2939 „
707 2843 960 3029 opterarent,
991 2833 1033 2919 dc
1056 2826 1169 2917 ultro
1192 2826 1301 2919 bella
1329 2828 1554 2939 inferrent,
1584 2890 1603 2907 -
1624 2890 1643 2907 -
1669 2832 1874 2949 paulatim
1892 2832 2021 2925 assue-

647 2940 752 3053 „sac
773 2937 1005 3053 isuperari,
1033 2937 1261 3057 multisque
1284 2943 1385 3031 vitii
1403 2940 1579 3059 proeliis,
1607 2972 1662 3033 ne
1688 2943 1734 3035 se
1753 2948 1926 3063 quidem
1945 2944 2020 3065 ipsi

645 3080 789 3257 i,cum
821 3050 905 3141 illis
940 3056 1098 3141 virtute
1131 3068 1427 3253 comparant„
1494 3054 1551 3145 Et
1575 3082 1817 3173 quanquam
1853 3057 2020 3154 Asinius

683 3160 808 3273 ollio,
836 3160 1126 3253 audacissimus
1146 3190 1224 3251 cen
1243 3164 1317 3271 or,
1346 3168 1481 3281 quiin
1500 3164 1590 3281 ipso
1606 3196 1777 3285 quoque
1800 3168 1924 3261 Livio
1945 3172 2020 3263 Pa-

648 3277 916 3367 tavinitatem
954 3272 1257 3388 reprehendit,
1294 3275 1630 3365 Commentarios
1666 3280 1833 3365 Caesaris
1865 3310 2018 3386 parurn

652 3384 898 3494 diligenter,
928 3412 1161 3501 parumque
1178 3390 1341 3495 integra
1370 3382 1455 3469 fide
1479 3378 1732 3494 compositos
1778 3394 1888 3494 utet,
1917 3392 2014 3497 (p)

649 3509 900 3584 nontamen
931 3494 1133 3585 deterruit
1155 3492 1223 3583 sua
1249 3490 1419 3583 censura
1441 3490 1642 3585 Tacitum
1671 3492 1713 3577 dc
1739 3410 2016 3603 strabonem,

649 3630 814 3714 magnae
850 3607 1105 3695 austeritatis
1141 3604 1382 3709 historicos,
1432 3606 1535 3803 ‘lum
1570 3600 1772 3692 Caesarem
1804 3600 2018 3695 summum
2146 3645 2150 3732 p

512 3748 522 3766 “
648 3716 861 3805 austorem
889 3714 1130 3827 laudarent,
1158 3718 1251 3831 (q)
1280 3744 1330 3805 ac
1361 3714 1540 3825 initis,
1573 3742 1666 3831 quae
1695 3708 1758 3805 de*
1780 3712 1914 3809 Gallis
1944 3716 2018 3806 vel

518 3842 526 3857 ’
570 3882 575 3887 -
648 3826 781 3923 Celtis
821 3824 1031 3937 scribunt,
1069 3830 1278 3943 precipue
1327 3824 1631 3919 consulendum
1671 3824 2018 3946 sequendumque

649 3936 951 4033 existimarent.
1016 3938 1173 4031 Sed&
1229 3955 1348 4031 raeter
1365 3938 1540 4147 e{olium
1574 3936 1834 4027 Didatorem
1864 3965 2016 4031 omnes

648 4054 701 4145 ad
719 4080 854 4143 unum
876 4066 1065 4155 vetarer,
1094 4054 1168 4169 qui
1264 4052 1336 4141 dio
1407 4048 1645 4169 eugraphius
1672 4076 1758 4169 prae
1783 4046 2016 4253 alliseriilill

1998 4225 2012 4273 ἲ

1750 4350 2011 4377 ψ

645 4442 931 4536 (⁰)Lib·Vlc·
1345 4446 2011 4544 (q)Tacit.demor.Germ.eap.
2146 4485 2147 4494 ¹

644 4536 723 4631 (p)
742 4532 975 4613 Suetoniusin
1017 4538 1055 4615 ie
1066 4532 1187 4625 Cesar.
1204 4546 1305 4645 §.560
1321 4454 1333 4627 l
1436 4539 1557 4635 Strabo
1575 4538 1666 4611 Libr.
1684 4538 1746 4613 IV.
1759 4552 1884 4634 p..267.
