4617 5567
688 647 955 723 Vrunrcrn
993 643 1253 723 crrrrcrr:
1427 640 1453 659 “
1611 657 1686 738 rur
1811 704 1814 708 .

320 843 528 962 fugerant.
586 850 773 965 Indeper
793 850 941 939 eadem
959 850 1150 963 vestigia,
1178 880 1259 968 qua
1277 864 1500 957 venerant,
1529 848 1675 957 anti-3,

323 988 449 1073 quarn
479 967 652 1075 patriam
684 966 927 1074 repetivere.
994 964 1060 1052 Ex
1082 964 1150 1049 iris
1185 970 1336 1051 manus
1369 962 1557 1077 quaedam
1587 964 1673 1071 in„

320 1068 561 1160 confluente
585 1074 829 1161 Danubii&
861 1074 959 1162 Sabi
991 1071 1200 1181 consedit,
1246 1074 1561 1185 Scordiscosque
1589 1070 1672 1177 se„

319 1179 516 1294 appellari
543 1182 690 1273 voluit.
760 1182 983 1294 'Pedosugi
1018 1198 1159 1273 autem
1194 1190 1378 1273 cum'in
1415 1189 1673 1296 antiquam„

315 1296 493 1380 'atrium
531 1288 728 1384 Tolosam
764 1292 994 1399 venissent,
1030 1296 1401 1412 comprehensique
1438 1294 1672 1409 pestifera„

316 1318 390 1491 Fue
420 1396 577 1512 essent,
615 1430 702 1491 non
733 1407 847 1600 prius
877 1404 1096 1493 sanitatem
1128 1433 1457 1525 recuperavere,
1478 1515 1482 1524 „
1502 1429 1672 1534 quam„

1239 1531 1486 1632 entumque,
1506 1510 1674 1619 bellis„

320 1510 550 1624 aruspicum
584 1514 730 1627 respon
750 1542 784 1602 rs
810 1519 963 1604 moniti
991 1544 1140 1603 aurum
1167 1546 1210 1603 ar

289 1638 291 1645 “
315 1620 623 1737 sacrilegisque
640 1622 869 1739 quaesrtum,
881 1635 927 1715 in
938 1544 1365 1718 Tolosensemiacum
1378 1637 1629 1734 mergerent
1643 1680 1673 1727 ‚,
1816 1712 1821 1722 ,

319 1732 445 1840 Quod
455 1760 585 1822 omne
603 1760 763 1935 τηειὲηοΙ
776 1737 868 1849 post
881 1751 1071 1851 tempore
1088 1738 1228 1851 Caepio
1245 1739 1465 1828 nonianus
1478 1731 1675 1839 consur„

317 1840 499 1933 abstulit.
538 1897 556 1917 -
599 1902 616 1919 -
707 1872 738 1933 x
803 1861 900 1935 ente
931 1826 1379 1960 Tedosagorumxnon
1407 1843 1632 1935 mediocris
1643 1903 1675 1951 „

314 1954 497 2070 'populus
533 1954 677 2065 praedae
713 1870 935 2047 (rubedine
971 1958 1189 2069 Illyricum
1229 1962 1449 2075 repetiuit,
1488 1954 1674 2069 spolie„

315 2073 369 2155 tis
400 2092 454 2153 ue
491 2065 602 2154 sitris
633 2067 681 2151 in
725 2065 943 2153 Pannonia
981 2068 1222 2174 consedit„
1298 2072 1437 2159 Locus
1468 2066 1552 2155 bio
1573 2092 1677 2154 vera

315 2094 426 2265 solbs
458 2170 714 2262 commiscet.
787 2175 1042 2287 Tectosagos
1076 2180 1121 2262 in
1152 2178 1394 2284 Pannonia,
1439 2173 1677 2267 Scordiscos

316 2287 369 2375 ed
388 2282 649 2373 confluentes
673 2284 860 2374 Danubii
890 2290 1050 2375 &Sevi
1072 2290 1118 2377 in
1138 2314 1186 2375 ea
1209 2282 1456 2395 consedisse,
1481 2284 1679 2375 iubentes

317 2398 613 2486 concedimust
641 2401 843 2510 utrosque
860 2424 981 2505 vero,
1012 2394 1081 2485 ves
1098 2396 1343 2509 altemirus,
1374 2424 1430 2487 ex
1448 2398 1678 2502 Brenniuni

232 2558 235 2563 ·
316 2513 524 2599 exercitus
542 2505 728 2623 reliquiis
751 2534 801 2595 eo
820 2506 861 2596 se
881 2504 1076 2624 recepisse
1099 2533 1319 2621 negamus.
1350 2585 1353 2591 ,
1377 2510 1495 2600 Inter
1514 2521 1679 2614 veteres

315 2626 430 2709 enim
461 2616 621 2709 constat
654 2616 907 2733 scriptores,
962 2644 1017 2711 ex
1039 2621 1277 2713 Brenniana
1307 2616 1380 2709 iila
1403 2624 1449 2708 in
1469 2622 1679 2725 Graecium

179 2824 181 2829 ,
292 2734 585 2849 expeditione
619 2728 688 2817 vel
719 2758 873 2845 paucos
905 2730 1163 2841 admodum,
1199 2732 1271 2821 vel
1303 2728 1471 2821 nullum
1501 2732 1682 2819 omnino.

313 2842 473 2931 salvum
496 2837 675 2929 evasisse.
744 2840 1050 2930 Pnusnnlrs
1070 2838 1099 2951 ·(¹
1114 2842 1171 2952 f)
1207 2852 1320 2945 potin
1361 2854 1434 2934 ηε,
1470 2854 1570 2923 truta
1598 2851 1681 2930 iso,

314 2946 453 3045 wudu,
484 2954 581 3039 “ne
610 2974 747 3037 unum
802 2951 943 3039 uidem
974 2976 1029 3039 ex
1061 2949 1427 3039 illis‘incolumem
1455 2948 1676 3055 domum„

274 3110 277 3119 ,
314 3056 524 3170 rediisse„
565 3060 706 3150 refert
821 3062 961 3167 traho,
1006 3060 1215 3151 Posidonii
1265 3062 1510 3150 auctoritate
1549 3056 1678 3166 nisus,

226 3188 229 3195 ’
314 3172 462 3287 eadem
496 3198 551 3259 ex
585 3168 705 3259 causa
734 3170 1068 3281 Tenosagomm
1104 3178 1149 3260 ln
1176 3176 1353 3287 patriam
1389 3172 1594 3276 reditum,
1625 3175 1677 3275 Ι8ο
1756 3178 1761 3185 “

343 3284 432 3371 uod
468 3309 615 3369 aurum
654 3278 878 3393 sacrilegiis
919 3282 1135 3397 quaefitum
1165 3286 1210 3371 in
1242 3280 1383 3369 lucum
1414 3276 1678 3375 Tolosanum

369 3390 625 3495 metimini,
688 3394 800 3479 inter
851 3390 1011 3481 fabulas
1069 3392 1208 3485 refert
1254 3384 1532 3502 (g)‘1mo
1589 3386 1676 3505 ipse

311 3504 460 3617 Jusr
475 3528 489 3587 1
504 3523 606 3613 nus
638 3510 654 3591 s
664 3497 727 3607 h)
771 3508 909 3585 totum
933 3504 1092 3588 Brenni
1117 3503 1353 3591 exercitum
1374 3507 1419 3587 in
1440 3502 1601 3591 Graecia
1621 3500 1675 3587 ad

311 3641 446 3703 unum
482 3601 679 3699 interiisse
709 3604 867 3697 scribit:
912 3608 1051 3718 “Quo
1081 3612 1209 3726 patto
1236 3614 1403 3715 evenit,
1433 3623 1482 3697 ut
1502 3638 1673 3720 nemo„

313 3738 510 3815 extento
529 3722 718 3811 exercitu
738 3779 751 3825 ,
788 3723 859 3833 qui
879 3718 1003 3833 paulo
1024 3738 1122 3809 unte
1144 3716 1296 3810 fiducia
1317 3724 1469 3813 uirium
1489 3722 1673 3831 adver-3,

311 3832 380 3923 sus
411 3836 513 3922 deos
554 3828 854 3937 contenderat,
896 3830 966 3919 vel
1002 3834 1053 3920 ad
1078 3838 1326 3933 memoriam
1349 3845 1481 3943 tantu
1502 3832 1672 3943 cladis„

312 3940 596 4058 superesset„
687 3942 732 4030 Si
772 3966 872 4029 vere
911 3938 1045 4053 sunt,
1096 3971 1190 4059 quae
1221 3940 1413 4060 Justinus
1458 3943 1541 4031 iroc
1567 3943 1675 4035 ioco

307 4066 479 4163 narrat,
498 4048 716 4173 quomodo
742 4076 801 4138 ex
831 4054 990 4143 Brenni
1020 4060 1244 4165 exercitu,
1283 4052 1575 4171 Delpbicaqoe
1600 4080 1675 4185 err-

1558 4165 1674 4279 pero.
