4617 5567
1082 603 1464 727 Pnnrrrro.
1509 721 1517 730 ,

601 767 743 789 m

583 840 675 984 qui
719 837 919 938 orientis
962 826 1201 968 regibus,
1241 823 1700 972 septentrionalibus
1741 833 1794 937 &
1832 837 1962 936 occi-

587 1025 697 1132 duis
736 1016 964 1164 populis,
1017 1013 1109 1162 ipfi
1159 1017 1376 1166 denique
1414 1025 1591 1128 Romae
1632 1017 1727 1128 fuit
1771 1017 1927 1126 fatalis
1940 1081 1967 1147 ,·
2014 1031 2017 1041 '

591 1237 813 1320 meretur
849 1205 1107 1354 profedlo‚
1148 1235 1208 1314 ut
1244 1217 1295 1314 in
1326 1216 1571 1348 originem
1609 1209 1709 1354 ejus
1748 1219 1964 1360 inquira-

593 1427 678 1510 tur
706 1404 761 1508 &
791 1409 1019 1546 patriam.
1098 1395 1365 1508 Celtarum
1394 1397 1500 1550 (b)
1537 1399 1837 1510 incunabula
1871 1409 1970 1548 pri-

594 1597 714 1702 dem
755 1589 1111 1730 investigarunt
1152 1591 1485 1739 Geograpbi,
1539 1621 1593 1699 at
1630 1631 1813 1738 parum
1852 1629 1971 1738 pro·

596 1781 739 1922 spero
783 1774 1014 1887 succellu.
1102 1779 1447 1918 lnvestigando
1493 1787 1629 1886 enirn
1665 1789 1717 1884 in
1734 1753 1740 1758 ¹
1759 1807 1866 1887 tam
1905 1783 1976 1886 di·

438 1993 454 2008 ‘
597 1965 760 2076 versas
802 1968 917 2076 sunt
956 1967 1172 2076 distracti
1206 1967 1496 2098 sententias,
1546 1993 1606 2075 ut
1641 1963 1748 2112 ipso
1784 1978 1973 2076 exami-

599 2195 665 2266 ne
715 2195 791 2271 res
839 2163 1096 2271 deveniret
1133 2159 1403 2272 obscurior.
1521 2139 1830 2268 Diverfitatis
1870 2171 1976 2306 opi·

599 2359 815 2456 nionum
849 2349 990 2458 causa
1017 2351 1085 2460 est
1112 2348 1214 2496 ipsa
1240 2359 1398 2490 gentis
1423 2351 1475 2456 δι
1509 2319 1822 2456 coloniarum
1858 2349 1975 2495 ejus,

602 2576 693 2690 per
716 2541 931 2686 Europae
966 2544 1020 2648 &
1044 2537 1175 2652 Afiae
1202 2549 1452 2682 regiones,
1492 2532 1838 2692 antiquilllmo
1863 2577 1972 2650 aevo

605 2731 707 2878 jam
732 2726 1049 2862 diffusarum,
1086 2731 1370 2865 celebritas,
1400 2703 1517 2882 qua
1534 2731 1759 2864 fadum,
1793 2759 1851 2842 ut
1878 2743 1977 2880 pri-

604 2913 761 3074 niana
794 2925 895 3069 ejus
938 2924 1048 3034 sede
1088 2925 1346 3066 negledla,
1388 2923 1611 3074 plerique
1647 2937 1699 3032 in
1748 2923 1981 3052 coloniis,
2035 2984 2038 2994 ·

498 3185 511 3196 -
610 3149 675 3222 ex
738 3119 970 3258 indigena
1019 3113 1255 3266 populu,
1316 3113 1441 3268 (c)
1471 3128 1578 3224 'ceu
1629 3151 1719 3224 ver
1765 3114 1987 3244 lacrum,

608 3298 851 3440 egress'rs,
911 3307 1011 3439 ejus
1075 3313 1288 3436 origines
1342 3323 1653 3444 quaererent,
1719 3295 1979 3450 filiamque

609 3490 736 3602 adeo
784 3525 902 3599 cunr
950 3511 1112 3598 matre
1157 3476 1536 3602 confunderent
1615 3494 1781 3621 Sunt,
1827 3503 1985 3640 quia

1769 3683 1985 3836 Phrygi.

573 4149 577 4155 ,
618 4058 695 4141 lb)
712 4057 828 4177 ¹Gallia
849 4061 1016 4152 hodieque
1038 4063 1082 4134 ab
1105 4058 1266 4137 Hibernis
1291 4061 1413 4138 dicitur
1441 4057 1544 4140 Galla

619 4212 696 4331 n>
717 4247 881 4338 narum
903 4211 1048 4340 lopun
1071 4250 1217 4334 uerna,
1241 4249 1299 4338 qu
1312 4249 1351 4322 u
1372 4245 1433 4322 rm
1448 4242 1576 4334 semper
1589 4237 1733 4319 subnot
1751 4213 1846 4328 seress
1873 4219 1986 4345 ψ

568 4481 576 4489 .
666 4367 741 4511 2152
739 4347 980 4511 eigassrregionem
997 4351 1173 4443 ignomnu
1189 4347 1379 4436 adventura
1401 4341 1578 4442 'duwe
1603 4345 1751 4433 Graec'm
1776 4343 1922 4430 diffindi
1944 4353 1990 4428 ab
