4617 5567
617 601 661 680 3²
1007 583 1283 660 Vruorcrn
1315 585 1574 670 crearer.

613 797 710 885 nis:
747 793 989 884 “Maximo
1020 789 1177 908 frigore
1207 793 1310 882 nudi
1344 809 1502 907 agunt,
1542 807 1767 912 antequam
1799 795 1980 908 puberes

613 903 757 1016 „lrnt3
786 909 828 995 δι
849 903 1087 1106 lonfiillrma
1107 905 1218 1022 apud
1239 933 1312 995 eos
1336 913 1513 1020 pueritia
1533 905 1605 1001 est.
1663 911 1752 1000 Viri
1776 905 1881 1018 sagis
1908 929 1983 1034 νεῖ

614 1016 814 1128 „lantur,
840 1031 914 1106 aut
948 1019 1045 1107 'bria
1064 1020 1261 1106 arborum
1279 1023 1470 1134 quamvis
1491 1019 1593 1140 lpva
1613 1021 1782 1136 hyeme.
1839 1019 1879 1106 N
1885 1013 1985 1104 andr

613 1155 744 1238 „non
765 1132 965 1244 patientia
996 1129 1285 1238 tanturnillis,
1306 1129 1489 1219 studium
1510 1137 1639 1222 etiam
1657 1127 1774 1238 ert„
1829 1127 1896 1218 Ex
1915 1125 1984 1213 hta

614 1255 759 1330 tamen
786 1240 1036 1330 concludere
1070 1239 1206 1350 velle,
1238 1234 1502 1332 Aristotelem
1530 1271 1605 1361 per
1642 1241 1782 1334 Celtas
1810 1241 1984 1331 Germa·

614 1377 697 1440 nos
720 1347 957 1463 designare,
988 1379 1171 1470 preceps
1194 1351 1291 1442 sane
1319 1353 1595 1444 &lubricum
1622 1353 1695 1444 era
1754 1353 1840 1442 Cur
1867 1351 1985 1440 enim

595 1465 805 1552 moribus
832 1465 897 1554 lais
925 1465 1127 1556 Germani
1155 1462 1387 1556 Aristotelis
1419 1493 1536 1578 aevo,
1575 1471 1649 1588 qui
1675 1477 1886 1556 trecentos
1913 1488 1988 1549 an-

508 1606 513 1628 ·
613 1588 815 1663 noa-ante
844 1574 1046 1664 Caelarem
1069 1581 1110 1665 &
1134 1575 1296 1668 Melam
1319 1581 1452 1687 vixit,
1478 1607 1566 1668 non
1584 1605 1703 1694 aeque
1721 1607 1769 1664 ac
1788 1572 1900 1666 Galli
1919 1573 1988 1660 uti

612 1685 884 1800 potuerunt?
933 1685 1038 1776 Aliis
1070 1701 1183 1774 certe
1217 1693 1264 1775 in
1291 1687 1394 1776 locis
1433 1689 1696 1778 Aristotelem
1730 1713 1805 1804 per
1843 1679 1989 1774 Celtae

612 1794 759 1887 Gallos
799 1795 1027 1901 denotare,
1068 1797 1187 1911 supra
1218 1797 1293 1906 (r)
1329 1797 1538 1888 ostensum
1575 1797 1647 1889 est.
1706 1800 1801 1890 Imo
1840 1793 1872 1884 st
1915 1789 1988 1882 vel

547 1991 550 1997 .
611 1904 764 1994 lubens
809 1906 1105 2016 concederem,
1142 1905 1514 2018 consuetudinem,
1556 1939 1683 2028 quarn
1732 1907 1865 1999 Celtis
1914 1909 1987 1994 tri·
2051 1967 2062 1982 ·

609 2018 705 2106 buit
725 2014 986 2120 Aristotelea,
1013 2015 1109 2104 solis
1137 2019 1361 2108 Germania
1388 2035 1475 2108 tana
1501 2020 1764 2136 temporibus
1789 2015 1989 2110 Arill.ote-'

607 2127 685 2232 lis,
723 2154 849 2240 quam
885 2125 1053 2217 Caelaris
1090 2125 1356 2238 convenille,
1395 2135 1436 2220 dt
1475 2131 1623 2225 Gallos
1655 2128 1826 2220 diverl‘rs
1859 2126 1988 2244 plane

607 2238 799 2326 moribus
825 2241 870 2324 in
894 2235 973 2324 hac
1000 2265 1046 2326 re
1071 2235 1216 2347 fuille,
1235 2267 1322 2328 non
1344 2253 1486 2330 tamen
1508 2239 1613 2334 hinc'
1623 2241 1807 2350 interae,
1834 2237 1986 2332 rlrillo·

503 2416 506 2425 f
607 2347 738 2438 telem
768 2375 819 2436 eo
857 2347 951 2436 loco
983 2375 1058 2462 per
1093 2349 1235 2440 Celtas
1271 2347 1495 2466 designalle
1532 2355 1782 2447 Germanos.
1839 2353 1985 2442 Errare

418 2496 426 2510 ·
572 2537 582 2549 .
607 2464 724 2550 enim
752 2463 891 2574 potuit
914 2459 1174 2570 Aristoteles,
1207 2459 1370 2552 &fallo
1392 2467 1576 2555 tribuere
1600 2461 1761 2576 Gallia,
1793 2490 1868 2578 per
1892 2460 1988 2552 Cel-

607 2587 675 2662 tas
715 2569 968 2684 defignatis,
995 2576 1007 2584 “
1038 2571 1124 2661 uod
1159 2574 1433 2666 tribuendum
1467 2579 1703 2670 Germanis.
1774 2571 1987 2666 Aristoteli

607 2687 692 2774 hoc
710 2688 916 2796 contigit,
945 2691 963 2790 (
983 2601 1038 2790 a}
1058 2686 1228 2799 quando
1250 2684 1401 2776 Istrum
1423 2685 1606 2778 fluvium
1633 2686 1762 2779 refert
1786 2691 1833 2775 in
1853 2683 1987 2804 Celtis

610 2799 733 2901 oriri,
764 2799 808 2880 in
837 2795 987 2880 eodem
1009 2795 1103 2882 loco
1136 2795 1371 2906 declarem,
1406 2797 1448 2888 se
1482 2829 1557 2918 per
1596 2799 1736 2893 Celtas
1761 2797 1858 2888 illos
1889 2795 1990 2892 Gal·

610 2908 677 2995 liae
702 2903 861 2992 incolas
886 2902 1130 3016 {ignificare
1189 2909 1240 2998 ln
1271 2909 1491 3004 Aristotele
1522 2939 1623 3026 ergo
1651 2911 1758 3002 nihil
1792 2914 1986 3026 reperio,

611 3041 668 3106 ex
710 3045 795 3146 quo
826 3014 1020 3130 colligam
1035 3079 1049 3129 ,
1101 3045 1200 3112 eum
1232 3049 1391 3112 nomen
1423 3025 1636 3114 Celtarum
1668 3027 1852 3112 tribuere
1883 3021 1988 3128 Ger,

1174 3341 1216 3450 ς.
1272 3343 1418 3435 XVII.

397 3543 628 3653 parymas&
698 3549 995 3657 Ponrarua,
1023 3547 1590 3653 monmorentius,
1614 3547 1654 3634 δι
1678 3543 1989 3635 Dronrsroe

466 3638 528 3708 ²¹¹¹·
617 3663 1174 3769 Haarcanaassansrs,
1201 3665 1274 3748 ubi
1304 3663 1357 3748 de
1381 3657 1512 3748 Celtis
1541 3655 1794 3774 loquuntur,
1825 3681 1880 3742 ne
1908 3657 1986 3779 mi-¹

615 3777 775 3862 rumam
815 3773 985 3888 quidem
1025 3769 1299 3886 suspicionem
1337 3773 1557 3879 injiciunt,
1599 3769 1712 3882 quod
1750 3765 1986 3860 Germanos

615 3883 737 3973 ullibi
765 3882 839 3972 sub
865 3883 996 3974 Celtis
1020 3879 1269 3994 fignificent.
1324 3883 1417 3970 lmo
1450 3905 1551 3965 vero
1574 3875 1720 3970 Gallos
1748 3875 1987 3970 constanter

615 3995 694 4086 hac
717 4023 822 4084 voce
847 3995 1075 4105 designant
1134 3997 1355 4082 Sarrano
1378 3999 1544 4076 tantum
1572 3981 1710 4096 abest,
1740 4005 1789 4079 ut
1812 3991 1987 4080 Germa·

507 4103 518 4116 “
617 4133 694 4196 nos
716 4105 856 4195 Celtas
884 4101 1086 4215 appellet,
1107 4103 1326 4305 otgarius
1351 4097 1492 4189 Celtas
1521 4127 1546 4188 a
1571 4101 1990 4191 Germaniaeviden

1211 4213 1343 4302 elticae
1370 4211 1603 4317 Rhenum,
1641 4211 1884 4318 Oceanum,
1907 4213 1987 4326 Py-

1680 4358 1682 4372 ¹
1827 4347 1987 4414 renaeos

1497 4441 1982 4476 Ἤ

623 4440 1837 4626 maron-arra.
1953 4506 1988 4616 ,ζ

973 4617 978 4624 ι

963 4659 967 4666 ι

617 4227 681 4355 ter
700 4214 952 4328 distinguat,
981 4213 1149 4330 quando
