4617 5567
623 667 670 734 60
742 648 754 658 ”
815 649 820 660 ’
1034 653 1299 726 vranrcrs
1339 597 1600 778 Ceprrcre.⁸
1764 759 1767 768 Ι

633 848 773 958 guinis
801 839 882 932 elle
911 838 1115 932 cumillis
1143 839 1337 948 Celticis,
1362 840 1511 946 refert,
1548 847 1621 958 qui
1649 845 1759 930 intra
1781 841 1929 932 Baetim
1953 845 1997 928 &

633 963 770 1048 Anam
791 953 943 1044 fluvios
973 955 1072 1042 habi
1099 955 1266 1062 tabant,
1298 952 1350 1038 de
1379 955 1531 1066 quibus
1559 952 1601 1062 ς.
1629 952 1886 1066 praecedente
1923 947 1999 1038 dil-

634 1065 851 1154 leruimus.
908 1067 972 1154 lta
991 1071 1107 1152 enim
1129 1064 1228 1152 ille:
1249 1062 1337 1155 (li)
1369 1073 1468 1150 leem
1492 1083 1523 1146 o·
1545 1077 1651 1146 talen
1674 1075 1833 1162 'afannas
1862 1075 1925 1163 aral
1953 1071 2003 1144 ai·

635 1179 730 1266 alapas
747 1229 759 1264 ,
782 1177 798 1244 i
807 1183 941 1250 etnim
951 1177 1054 1266 lem,
1069 1175 1094 1248 l*
1106 1175 1151 1256 tul
1163 1180 1212 1250 ris
1232 1175 1347 1262 tensis
1361 1177 1482 1263 eampis
1493 1169 1537 1250 ul
1554 1174 1604 1246 sis
1624 1171 1711 1258 &pris
1724 1171 1822 1260 viper
1834 1173 1879 1247 lsl
1899 1199 2003 1258 arpos-
2147 1249 2148 1272 ,

637 1291 746 1358 εἰπὲ·
760 1287 844 1360 «iuris
860 1287 1000 1362 numi,
1017 1289 1165 1372 myricis
1179 1287 1241 1358 eris
1251 1283 1304 1354 ἰπὶ
1319 1287 1364 1368 a&
1378 1283 1460 1368 Ἀιῳ.
1499 1275 1528 1320 “
1542 1269 1691 1360 Ultimi
1715 1269 1861 1358 colunt
1882 1273 1999 1358 Aila·
2147 1301 2148 1316 ¹

636 1385 740 1496 „bri
752 1383 804 1472 ad
815 1386 1166 1496 promontorium,
1184 1381 1297 1494 quod
1311 1393 1484 1470 vocatur
1501 1381 1692 1484 Nerium,
1706 1383 1752 1466 in
1764 1377 1877 1494 quod
1895 1381 2005 1470 occi-

637 1555 668 1604 „
681 1494 762 1582 dua
773 1489 1237 1625 atqueleptentrionalis
1250 1480 1361 1578 lineal
1375 1489 1579 1578 delmunt.
1618 1493 1824 1582 Habitant
1844 1494 2005 1578 circum

640 1665 671 1714 „
685 1603 847 1709 Celticr,
860 1609 1028 1711 cognati
1041 1629 1201 1709 eorum,
1214 1606 1285 1716 qui
1302 1601 1496 1690 adanam
1510 1601 1649 1706 lunt„
1665 1600 2009 1710 Celticiergoeir-

645 1717 1037 1828 capremontorium
1053 1713 1230 1799 Nerium
1245 1711 1310 1798 vel
1324 1710 1531 1799 Celticum
1577 1707 2008 1820 uumejuldemorigi·

647 1828 715 1912 nis
741 1825 899 1912 fuerint
922 1849 1018 1910 cum
1043 1820 1154 1927 illis,
1182 1826 1254 1936 qui
1281 1819 1344 1908 firi
1373 1741 1761 1928 mantalam,
1792 1826 1832 1910 δι
1859 1819 2011 1911 Celtici

551 2009 556 2016 ,
647 1931 792 2030 Baetici
815 1931 916 2022 alias
937 1933 1203 2038 dicebantur,
1235 1944 1284 2020 ut
1311 1933 1461 2021 Strabo
1487 1931 1530 2018 id
1555 1931 1699 2020 docet:
1733 1931 1881 2022 Celtici
1907 1960 2013 2022 vero

486 2065 494 2074 ·
648 2045 793 2143 Batici
816 2073 841 2132 a
863 2041 993 2134 Celtis
1022 2044 1066 2126 in
1093 2039 1326 2148 Lusitania,
1381 2067 1459 2128 uos
1482 2037 1716 2132 Celtiberos
1745 2041 1907 2134 Plinius
1935 2071 2014 2132 vo-

648 2167 740 2261 cat,
759 2159 966 2348 oripinem
987 2153 1221 2254 traxerint,
1240 2156 1303 2236 uti
1326 2070 1486 2240 Plinius
1514 2148 1675 2241 alierit:
1715 2153 1913 2246 Celtiberi
1937 2155 2010 2244 de-

648 2267 799 2378 nique,
846 2258 1057 2350 ecundum
1081 2259 1323 2366 Lucanum,
1354 2259 1503 2351 Silium
1533 2263 1745 2372 ltalicum,
1771 2267 2009 2357 Diodorum

647 2374 859 2479 Siculum,
886 2371 1163 2479 Strabonem,
1195 2375 1432 2486 Appianum
1457 2403 1482 2462 a
1514 2373 1643 2466 Celtis
1678 2401 1734 2464 ex
1761 2375 1895 2470 Gallia
1921 2391 2010 2467 tam

648 2511 829 2590 nomen,
860 2509 986 2598 quam
1020 2509 1155 2592 genus
1182 2486 1440 2598 acceperint,
1480 2485 1794 2598 concludimus,
1825 2487 2010 2580 Celticos

650 2600 758 2686 circa
785 2597 1122 2710 promontorium
1144 2595 1348 2698 Nerium,
1379 2593 1639 2714 Celticolque
1664 2603 1774 2686 inter
1796 2599 1945 2702 Baetim
1967 2605 2011 2690 lis
2151 2607 2152 2638 ¹

650 2713 808 2812 Anam,
840 2703 970 2796 Celtis
990 2731 1159 2818 quoque
1178 2708 1222 2792 in
1243 2705 1378 2796 Gallia
1403 2711 1610 2816 originem
1639 2710 1819 2817 debere,
1851 2715 1891 2801 δι
1916 2738 2012 2825 pro,-

651 2820 910 2904 montorium
932 2817 1111 2904 Nerium
1125 2843 1148 2902 a
1163 2814 1297 2905 Plinio
1318 2813 1525 2906 Celticum
1549 2825 1589 2908 &
1610 2818 1865 2910 Celticorum
1889 2825 2013 2914 Baeti-

653 2955 802 3016 corum
816 2928 996 3014 tratlum
1014 2926 1233 3014 abeodem
1254 2925 1457 3015 Celticam
1477 2929 1572 3036 dici,
1594 2932 1706 3044 quod
1729 2933 2012 3024 inhabitaren-

653 3054 722 3127 tur
738 3070 761 3124 a
775 3036 925 3144 Celtis,
951 3042 1093 3151 quiex
1115 3033 1271 3139 Gallia,
1323 3064 1419 3124 uam
1443 3065 1591 3126 omnes
1608 3047 1769 3155 antiqui
1788 3046 2008 3158 scriptores

652 3149 1041 3254 Celticamvocant,
1063 3151 1109 3234 in
1135 3145 1228 3234 illas
1247 3066 1452 3258 Hllpania
1471 3163 1607 3262 partes
1626 3147 1887 3244 transierunt.
1912 3157 2010 3246 Nec

683 3261 755 3348 uid
777 3273 893 3348 vetat
917 3256 1125 3374 proiecto,
1150 3262 1253 3374 quin
1283 3255 1411 3344 alium
1435 3259 1618 3348 Prrurr
1644 3261 1798 3365 locum,
1824 3271 1844 3356 (
1857 3263 1907 3366 i)
1933 3271 2013 3372 qur·

652 3290 706 3458 Ne
729 3375 1017 3482 promontorio
1039 3369 1207 3456 Celticae
1235 3369 1449 3481 Lytarmi,
1474 3373 1520 3454 in
1543 3366 1701 3454 ultimis
1728 3371 1898 3480 Europa
1918 3375 2004 3456 oris

564 3498 574 3510 ‘
652 3479 765 3570 haud
798 3475 943 3590 procul
975 3505 998 3564 a
1032 3477 1216 3591 Riphaeis
1251 3483 1465 3568 montibus
1492 3475 1592 3580 lrto,
1621 3475 1833 3589 loquitur,
1861 3477 2009 3565 cariem
2152 3537 2153 3542 a

507 3641 523 3656 =
654 3615 917 3702 exponamus
953 3589 1127 3676 ratione.
1197 3587 1352 3680 Celtica
1385 3617 1537 3703 nempe
1571 3587 1709 3678 Plinio
1742 3588 1892 3674 tratius
1928 3583 2014 3697 est,

564 3771 569 3780 .
685 3727 784 3788 uem
820 3698 972 3806 Celtae,
1012 3704 1220 3810 originem
1252 3727 1307 3788 ex
1340 3699 1477 3792 Gallia
1514 3699 1751 3803 trahentes,
1792 3713 2015 3810 occupant,

654 3732 950 3920 ConjeNuram
976 3809 1083 3896 hanc
1112 3809 1296 3898 nostram
1320 3811 1541 3900 confirmat
1566 3811 1783 3910 Lrvru8,
1820 3812 1898 3922 qui'
1914 3807 2017 3900 Gal-

656 3923 723 4012 los
755 3921 939 4010 colonias
972 3920 1170 4010 adoram
1200 3919 1314 4010 illam
1344 3916 1490 4010 milrlle
1525 3921 1674 4024 refert,
1719 3923 1820 4026 (m)
1853 3925 1894 4008 &
1923 3919 2013 4010 le-i

656 4037 798 4123 ciatim
826 4031 1096 4138 Plutarchus,
1126 4038 1199 4147 qui
1220 4033 1271 4119 de
1291 4047 1351 4116 nte
1372 4039 1520 4116 rasim,
1541 4044 1581 4112 at
1606 4044 1728 4110 aaran
1744 4043 1840 4130 aa„
1881 3949 2013 4122 Gallis

657 4143 809 4248 Celtis,
840 4155 1064 4250 memorat,
1094 4151 1184 4258 (n)
1212 4167 1410 4256 magnam
1430 4165 1578 4229 eorum
1599 4137 1808 4228 coloniam
1835 4154 2014 4232 saisost.

1947 4281 2020 4342 feror

658 4445 732 4608 (l)
755 4452 842 4614 Lipr.
856 4453 915 4522 ΠΙ.
928 4477 959 4542 p.
975 4473 1052 4540 230.
1331 4447 1366 4607 p(
1379 4459 1439 4540 m)
1464 4447 1551 4520 Libr.
1564 4443 1768 4521 XXXVlll.
1783 4473 1850 4538 cap.
1868 4461 1930 4526 16..

657 4539 675 4620 (
702 4538 802 4621 >Lib
825 4539 972 4631 Vlcap.
991 4563 1042 4636 ¹3·
1351 4537 1874 4632 (n)1nvitaCanrillip.r35.
