4617 5567
655 634 702 703 l·
1006 702 1010 719 Ι
1067 608 1338 687 Vruurorn
1374 610 1629 693 carrion.

574 942 581 960 ‘
649 950 737 1031 „ac
761 918 931 1035 paludes
960 918 1203 1025 lllaeotidas,
1234 919 1605 1034 quibusdividitur
1628 948 1722 1037 pars
1740 918 2013 1009 orientalis&

580 1064 582 1071 ’
649 1088 680 1139 ,,
693 1028 992 1129 occidentalis,
1014 1026 1296 1119 conficiuntur
1314 1033 1376 1117 ita
1388 1032 1641 1145 quadrantes
1661 1058 1838 1121 numero
1862 1030 2017 1146 positu·
2152 1079 2153 1094 r

649 1200 679 1251 „
694 1154 1107 1341 quqdcbongruenteq
1125 1168 1223 1279 curn
1259 1138 1501 1276 triangulis,
1522 1174 1685 1343 &ababa
1710 1150 1808 1341 qllter⁸
1826 1151 2015 1252 collocutus

650 1312 680 1473 3:
693 1252 834 1452 dn
848 1252 1060 1451 lamii
1530 1280 2014 1481 irratall‘nott

649 1534 663 1583 ,
693 1490 757 1563 ter
782 1504 806 1563 a
857 1472 981 1563 austri
1007 1478 1048 1563 &
1074 1472 1278 1564 subsolani
1304 1472 1635 1565 commistionem
1671 1476 1724 1565 ad
1746 1477 2014 1589 Aethiopiam

651 1644 680 1691 „
695 1584 964 1692 orientalem,
997 1590 1068 1700 qui
1090 1612 1183 1699 pars
1200 1582 1387 1675 australis
1403 1614 1566 1699 magna
1587 1582 1689 1675 Aba
1708 1588 1818 1686 rette
1840 1587 1924 1673 diei
1940 1612 2015 1697 po-

586 1748 602 1773 ·
649 1700 802 1803 „terit
860 1698 1034 1785 Tertius
1063 1696 1270 1811 quadrans
1297 1694 1398 1784 situs
1420 1695 1552 1785 estad
1581 1696 1718 1786 boreae
1744 1691 2013 1785 &subsolani

647 1810 822 1913 „totius
838 1816 959 1895 terra
983 1805 1319 1897 commistionem
1341 1806 1393 1895 ad
1412 1806 1649 1923 Scythiam,
1684 1812 1758 1923 qui
1782 1808 1881 1895 bine
1899 1834 2013 1921 pror·

523 1994 533 2005 .
646 1974 677 2023 „
691 1914 757 2005 sus
783 1944 877 2029 pars
899 1912 1234 2030 septentrionalis
1267 1944 1429 2017 maana
1460 1915 1560 2009 Afiae
1589 1916 1668 2005 fit:
1709 1933 1881 2033 quartus
1913 1917 2013 2005 huic

426 2738 508 2811 vetii
523 2738 627 2807 inex-
643 2762 804 2825 nomen
834 2734 892 2824 oli
912 2732 1058 2827 Galliae
1076 2738 1249 2845 tribuit,
1276 2751 1327 2827 ut
1338 2740 1380 2847 1.
1400 2743 1480 2839 Xl‘.
1502 2744 1542 2828 δι

425 2827 603 2919 plicatione

423 2912 607 2995 Ptolemaei.

470 3300 476 3313 “
640 3320 844 3405 mumque
861 3292 1031 3380 tradidit
1054 3290 1178 3381 situm
1192 3288 1275 3381 elle
1294 3294 1339 3378 in
1360 3290 1562 3379 relatione
1573 3296 1625 3375 ad
1644 3296 1849 3376 ambitum
1869 3300 2003 3381 totius
2104 3389 2109 3397 ,

645 2020 902 2137 „oppositus
936 2022 1019 2128 eit,
1048 2032 1088 2112 &
1108 2033 1218 2133 jacet
1242 2029 1293 2111 ad
1313 2009 1439 2115 dirici
1461 2032 1503 2115 δι
1526 2025 1652 2115 austri
1674 2026 2012 2117 commistionem

645 2134 742 2243 „ad
776 2132 1080 2225 occidentalem
1109 2135 1409 2251 Aethiopiam,
1437 2152 1698 2255 vocaturque
1728 2144 2013 2231 communiter
2152 2203 2153 2258 ,

643 2244 831 2359 „Libya
846 2304 877 2357 n

1173 2422 1217 2537 ς.
1274 2422 1488 2582 xxxvl.

424 2640 627 2735 nnorclu-
727 2620 1019 2825 Geopr‘aphica
1044 2622 1263 2715 Ptolemaei
1296 2642 1451 2734 raa-m,
1485 2632 1533 2717 in
1555 2656 1644 2831 qua
1666 2626 1739 2720 ille
1764 2644 2012 2734 romana

643 2873 744 2935 vere
769 2842 972 2937 debuillet
994 2844 1272 2955 Cluverium,
1301 2862 1352 2937 ut
1375 2854 1606 2959 dubitaret,
1635 2880 1740 2940 num
1757 2852 2009 2947 Ptolemaeus

642 2954 722 3047 alla
748 2970 968 3063 notamina
991 2953 1020 3045 sr
1052 2954 1295 3047 nificatione
1317 2964 1363 3047 in
1377 2973 1563 3064 alanno,
1583 2960 1663 3049 alia
1686 2968 1733 3051 in
1747 2965 2008 3083 Geograpbi-

641 3066 777 3162 casua
792 3078 939 3169 omna.
952 2982 1072 3159 facile
1089 3068 1217 3159 fuerit
1237 3067 1398 3159 usurus.
1439 3071 1600 3161 Orbem
1618 3085 1822 3163 terrarum
1836 3080 1883 3168 in
1906 3104 2010 3193 qua-

639 3190 737 3273 tuor
773 3178 1022 3298 quadrantes
1053 3178 1306 3273 Ptolemaeus
1345 3185 1391 3269 in
1424 3181 1506 3271 hoc
1533 3180 1642 3273 libro
1673 3182 1888 3296 distinxit,
1922 3192 2008 3303 pn'·

550 3495 554 3505 ,
640 3413 761 3491 terrae
788 3396 929 3485 versus
950 3402 1122 3489 boream
1142 3406 1185 3493 ἃ
1209 3400 1420 3505 Africum,
1449 3403 1491 3488 &
1519 3398 1692 3513 quidem
1718 3402 1841 3505 juxta
1860 3396 2002 3489 Celto-

640 3506 859 3625 galatiam,
888 3510 1157 3629 eundemque
1187 3542 1275 3603 uno
1301 3518 1476 3601 nomine
1502 3510 1711 3623 Europam
1737 3512 1878 3597 vocari
1905 3504 2005 3597 alle-

640 3626 710 3711 rit.
766 3617 832 3712 Ex
852 3620 918 3711 his
947 3620 1170 3715 Cluverius
1195 3626 1253 3729 id,
1270 3623 1386 3738 quod
1418 3621 1471 3709 de
1494 3634 1588 3709 toto
1614 3618 1844 3735 quadrante
1867 3618 2009 3711 Ptole·

543 3730 546 3737 ⁴
638 3758 772 3823 meus
796 3736 1057 3844 enuntiavit,
1083 3736 1135 3827 de
1163 3730 1440 3845 Celtogulatia
1469 3730 1705 3838 intellexit,
1734 3732 1775 3820 &
1803 3730 1913 3819 hanc
1943 3757 2005 3823 ex

639 3838 844 3935 sententia
870 3844 1108 3955 Ptolernni,
1138 3844 1209 3937 sed
1227 3840 1427 3965 perverse
1441 3840 1675 3949 intelletta,
1718 3852 1853 3928 totam
1873 3844 2009 3934 Euro·

638 3982 739 4157 pam
763 3952 987 4069 designatio
1004 3956 1273 4054 existimavit
1331 3950 1469 4047 Facile
1492 3953 1634 4043 videre
1662 3946 1883 4067 potuiffet,
1911 3982 2005 4044 ver-

1600 2742 1703 2833 x11.
1727 2740 1903 2852 ostendi,
1918 2772 2010 2834 mo-
2152 2741 2153 2746 '

671 4064 955 4171 aPtolernaei,
985 4080 1056 4152 tal
1078 4083 1167 4149 aava
1194 4073 1332 4167 ’malm
1350 4068 1501 4163 mimo,
1527 4076 1613 4152 voci
1630 4071 1879 4161 automata,
1907 4094 1999 4181 quae
2152 4059 2153 4150 ξ

635 4174 851 4265 foeminini
896 4176 1062 4289 generis
1109 4168 1198 4282 est,
1241 4177 1473 4262 convenire
1520 4194 1609 4259 non
1639 4162 1798 4367 (foffe’
1835 4167 1904 4259 sed
1944 4177 2027 4265 ad·

503 4377 509 4385 ¹
634 4288 822 4395 primurn
854 4298 1095 4389 ananum,
1141 4284 1417 4397 quadrantem
1449 4289 1594 4385 terra,

1668 4306 1693 4371 θ

637 4397 811 4509 periodo
844 4394 979 4487 sermo
1016 4394 1102 4505 est,
1140 4390 1287 4487 referri
1321 4387 1508 4497 debere,
1575 4390 1695 4527 lino·
1716 4308 1815 4485 'quo
1854 4310 1899 4375 m
1925 4286 2001 4378 lua

1784 4393 2002 4489 Ptolemaei

1852 4506 2006 4622 verba,
