4617 5567
706 606 971 685 vrunrcrn
1009 589 1264 679 caurien.
1639 616 1689 692 n

323 804 498 904 aGaliio
514 804 739 925 petendam
760 802 842 895 effe
868 800 1103 895 constanter
1132 800 1324 894 asserens.
1346 809 1368 916 (
1377 804 1425 908 r)
1459 806 1524 895 Ita
1543 809 1682 898 enimt

324 913 487 1013 “Ratio
513 924 641 1009 etiam
660 916 793 1008 distat
806 942 1146 1033 unamquamque
1164 921 1381 1028 regionem
1403 921 1562 1033 primos
1580 922 1680 1027 in„

321 1030 434 1123 colas
451 1035 592 1144 potius
615 1058 639 1121 e
656 1032 819 1137 vicinis,
833 1056 959 1143 quam
973 1025 1414 1138 disjunttiffimislocis
1426 1024 1637 1144 accepiffe
1651 1083 1683 1137 ‚‚

322 1143 431 1253 Quis
454 1170 543 1231 non
573 1138 785 1233 existimet
822 1142 856 1229 C
888 1166 1012 1253 prum
1040 1168 1065 1229 e
1092 1142 1287 1255 proxima
1316 1135 1430 1246 ntia,
1462 1140 1631 1231 Cretam
1649 1198 1710 1251 „.

320 1253 569 1347 &Siciliam
593 1278 648 1341 ex
672 1253 811 1339 vicina
879 1254 1022 1357 racia,
1044 1248 1253 1343 Corsicam
1273 1276 1330 1340 ex
1347 1254 1487 1340 vicina
1506 1251 1680 1361 Italiam

321 1370 365 1457 &
387 1394 443 1457 na
465 1362 632 1476 longius
653 1362 832 1468 abeam,
863 1359 1111 1454 Zelandiam
1131 1390 1155 1451 e
1176 1365 1371 1477 proxima
1390 1362 1680 1474 Germaniam
1790 1443 1793 1450 ,

318 1476 545 1567 islandiam
570 1502 593 1562 e
619 1476 862 1583 Normegia
881 1476 1041 1587 primm
1068 1474 1231 1563 incolas
1250 1477 1392 1588 potius
1422 1472 1632 1583 habuiffe,
1649 1534 1680 1586 „

348 1612 447 1671 uam
472 1614 497 1671 a
522 1586 701 1671 remotis
723 1584 926 1673 Tartariae
942 1584 1012 1675 vei
1027 1586 1292 1676 Mauritaniae
1311 1586 1537 1673 trattibus?
1567 1588 1682 1694 lu„

317 1613 418 1787 aem
438 1721 511 1783 cur
535 1720 623 1781 non
647 1692 952 1801 existimemus,
973 1698 1234 1783 Britanniam
1252 1690 1434 1784 nostram
1453 1699 1594 1809 potius
1616 1724 1683 1805 a„

319 1808 471 1897 vicinis
502 1802 658 1912 Gallis,
694 1830 820 1919 quam
843 1802 914 1893 vei
933 1832 957 1891 a
979 1806 1202 1915 Troianis,
1228 1805 1369 1915 ltaiis,
1394 1805 1565 1898 Albanis
1597 1812 1684 1917 &‚,

315 1918 489 2024 Brutiis,
503 1928 622 2003 tanto
639 1913 867 2003 intervallo
882 1916 1068 2025 semotis,
1080 1921 1221 2031 primo
1236 1914 1360 2007 fiaisie
1377 1921 1685 2034 occupatami„

316 2028 500 2121 1-Hinc
522 2022 717 2115 concludi
745 2020 893 2153 poisat,
921 2024 1068 2115 Gallos
1092 2033 1314 2115 veteres&
1331 2028 1557 2121 Britannos
1580 2056 1646 2119 ea-
1656 2088 1686 2140 „
1851 2108 1864 2121 ,

319 2142 420 2231 dem
454 2133 551 2225 usosx
582 2130 703 2223 fuiffe
733 2134 914 2245 lingua,
943 2138 1070 2225 &ex
1099 2121 1321 2254 neceiiaria
1349 2136 1643 2227 consecutione
1654 2200 1710 2248 „.
1853 2210 1860 2216 .

315 2252 620 2347 Britannorum
648 2250 858 2355 originem
886 2244 942 2333 ad
975 2243 1123 2338 Gallos
1157 2244 1441 2336 referundam.
1496 2252 1685 2361 Faten„
1829 2274 1833 2281 ·

318 2363 427 2459 dum
457 2362 572 2451 enim
599 2354 659 2447 est
686 2355 896 2466 Galliam,
922 2368 972 2445 ut
996 2360 1083 2465 Jam
1113 2356 1323 2466 diximus,
1381 2362 1467 2447 rius
1486 2359 1687 2470 habita„

152 2530 161 2559 s
317 2486 437 2580 tam,
472 2482 621 2586 utpote
651 2472 857 2560 Armenia
911 2472 1168 2583 ropriorem,
1198 2481 1334 2587 utque
1402 2497 1522 2584 rgum
1540 2468 1687 2583 fera„
1840 2497 1844 2506 ·

319 2612 440 2691 cem,
459 2580 516 2671 fic
536 2578 641 2671 teste
661 2582 870 2677 Strabone
926 2584 1118 2669 ominum
1133 2579 1395 2671 feraciorem.
1453 2582 1563 2673 Cum
1594 2600 1711 2694 ue„

282 2708 289 2723 '
315 2700 366 2789 in
382 2693 573 2801 Italiam,
600 2692 898 2799 Germaniam,
924 2692 1154 2784 Thraciam
1174 2698 1218 2783 o
1243 2690 1383 2783 Asnam
1401 2693 1514 2787 Gaiii
1537 2612 1685 2806 coin„

319 2812 414 2897 nias
445 2800 711 2907 diffuderint,
744 2800 883 2889 multo
912 2807 1049 2917 magis
1072 2808 1118 2892 in
1130 2806 1405 2907 tBritanniam
1430 2818 1520 2893 tam
1542 2809 1685 2916 vici„

321 2942 447 3022 narn,
480 2938 560 3001 nec
583 2918 727 2997 minus
755 2906 1026 3021 iracundam,
1061 2942 1137 3027 par
1163 2911 1226 3003 est
1258 2929 1309 3004 ut
1337 2912 1640 3023 existimemus.
1655 2976 1686 3026 ‚,
1730 2973 1736 2979 -
1815 2999 1818 3004 ,

138 3074 140 3083 =
322 3028 420 3121 Nec
439 3024 593 3111 honori
623 3046 713 3109 non
733 3016 897 3109 summo
929 3023 1143 3115 Britannis
1166 3022 1249 3115 effe
1276 3024 1424 3143 poffit,
1452 3054 1477 3115 a
1499 3024 1643 3142 priscis
1653 3088 1685 3137 „

229 3196 232 3203 ·
323 3134 409 3229 illis
429 3132 564 3243 Gallis
592 3136 802 3243 originem
826 3128 1010 3239 duxiffe,
1036 3141 1110 3249 qui
1132 3136 1283 3225 bellica
1313 3136 1559 3229 fortitudine
1582 3144 1686 3245 in-‚,

321 3249 471 3367 primis
491 3240 829 3351 excenuerunt„
886 3242 986 3353 Quo
999 3257 1194 3358 tempore
1214 3250 1397 3360 primum
1410 3246 1523 3337 Galli
1536 3252 1581 3333 in
1599 3248 1688 3337 Bri-

243 3376 255 3400 ”
318 3358 515 3449 tanniam
540 3351 799 3467 appulerint,
819 3350 971 3447 -sriente
989 3353 1160 3447 historia
1176 3378 1345 3466 vetere,
1373 3358 1499 3447 nobis
1517 3382 1688 3475 quoque

321 3466 537 3557 silentium
557 3460 746 3579 profiteri
765 3461 923 3553 iicebit.
1007 3574 1010 3581 Ι

923 3670 965 3783 §·
1021 3672 1095 3767 LI.

325 3972 332 3983 ,
411 3876 618 3967 Omnium
655 3882 801 3965 tamen
838 3869 1126 3985 celerrimum,
1180 3873 1248 3968 uae
1276 3903 1333 3969 ex
1366 3873 1502 3971 celtis
1526 3874 1689 3991 prodie·
1705 3898 1861 3976 normae

181 4058 182 4064 ,
327 3996 448 4091 runt,
477 3984 756 4074 celeberrimae
772 3986 1131 4096 profecioerant‚
1158 3992 1174 4075 i
1206 4016 1243 4079 aa
1264 3989 1379 4098 dua,
1407 4014 1528 4106 quaa,
1552 3984 1688 4078 Bello·
1706 3992 1792 4099 cett
1812 3989 1852 4064 in

207 4202 211 4209 ,
327 4091 428 4187 vesu
453 4092 496 4183 &
518 4084 719 4207 Sigoveso
747 4090 947 4207 ducibus,
977 4121 1034 4183 ex
1059 4096 1197 4207 Gallia
1224 4098 1495 4215 celtica-uno
1521 4096 1689 4188 eodem,
1707 4084 1812 4163 nana.

1604 4236 1688 4327 que

374 4407 439 4490 (t)
460 4408 505 4487 In
525 4403 801 4499 Britanniam.
830 4426 882 4485 ιι.
909 4408 943 4487 t
968 4426 1025 4505 25.

1108 4500 1212 4596 Na
